%YAML 1.1
%TAG !u! tag:unity3d.com,2011:
--- !u!1 &86394429584657551
GameObject:
  m_ObjectHideFlags: 0
  m_CorrespondingSourceObject: {fileID: 0}
  m_PrefabInstance: {fileID: 0}
  m_PrefabAsset: {fileID: 0}
  serializedVersion: 6
  m_Component:
  - component: {fileID: 86394429584657544}
  - component: {fileID: 86394429584657545}
  - component: {fileID: 86394429584657550}
  - component: {fileID: 86394429584657547}
  - component: {fileID: 86394429584657546}
  m_Layer: 0
  m_Name: Decal
  m_TagString: Untagged
  m_Icon: {fileID: 0}
  m_NavMeshLayer: 0
  m_StaticEditorFlags: 0
  m_IsActive: 1
--- !u!4 &86394429584657544
Transform:
  m_ObjectHideFlags: 0
  m_CorrespondingSourceObject: {fileID: 0}
  m_PrefabInstance: {fileID: 0}
  m_PrefabAsset: {fileID: 0}
  m_GameObject: {fileID: 86394429584657551}
  m_LocalRotation: {x: -0, y: 1, z: -0, w: 0}
  m_LocalPosition: {x: 3.41, y: -2, z: -0.32}
  m_LocalScale: {x: 6.8474836, y: 1, z: 2.654715}
  m_Children: []
  m_Father: {fileID: 5386137223566249486}
  m_RootOrder: 0
  m_LocalEulerAnglesHint: {x: 0, y: 0, z: 0}
--- !u!33 &86394429584657545
MeshFilter:
  m_ObjectHideFlags: 0
  m_CorrespondingSourceObject: {fileID: 0}
  m_PrefabInstance: {fileID: 0}
  m_PrefabAsset: {fileID: 0}
  m_GameObject: {fileID: 86394429584657551}
  m_Mesh: {fileID: 10202, guid: 0000000000000000e000000000000000, type: 0}
--- !u!23 &86394429584657550
MeshRenderer:
  m_ObjectHideFlags: 0
  m_CorrespondingSourceObject: {fileID: 0}
  m_PrefabInstance: {fileID: 0}
  m_PrefabAsset: {fileID: 0}
  m_GameObject: {fileID: 86394429584657551}
  m_Enabled: 1
  m_CastShadows: 1
  m_ReceiveShadows: 1
  m_DynamicOccludee: 1
  m_MotionVectors: 1
  m_LightProbeUsage: 1
  m_ReflectionProbeUsage: 1
  m_RayTracingMode: 2
  m_RenderingLayerMask: 1
  m_RendererPriority: 0
  m_Materials:
  - {fileID: 2100000, guid: 2507da8575516bd42a4575786e17de1f, type: 2}
  m_StaticBatchInfo:
    firstSubMesh: 0
    subMeshCount: 0
  m_StaticBatchRoot: {fileID: 0}
  m_ProbeAnchor: {fileID: 0}
  m_LightProbeVolumeOverride: {fileID: 0}
  m_ScaleInLightmap: 1
  m_ReceiveGI: 1
  m_PreserveUVs: 0
  m_IgnoreNormalsForChartDetection: 0
  m_ImportantGI: 0
  m_StitchLightmapSeams: 0
  m_SelectedEditorRenderState: 3
  m_MinimumChartSize: 4
  m_AutoUVMaxDistance: 0.5
  m_AutoUVMaxAngle: 89
  m_LightmapParameters: {fileID: 0}
  m_SortingLayerID: 0
  m_SortingLayer: 0
  m_SortingOrder: 0
--- !u!114 &86394429584657547
MonoBehaviour:
  m_ObjectHideFlags: 0
  m_CorrespondingSourceObject: {fileID: 0}
  m_PrefabInstance: {fileID: 0}
  m_PrefabAsset: {fileID: 0}
  m_GameObject: {fileID: 86394429584657551}
  m_Enabled: 1
  m_EditorHideFlags: 0
  m_Script: {fileID: 11500000, guid: e19be2280f3477b4ab19c882db70e553, type: 3}
  m_Name: 
  m_EditorClassIdentifier: 
  BloodSettings: {fileID: 7122315593002503641}
  FloatCurve:
    serializedVersion: 2
    m_Curve:
    - serializedVersion: 3
      time: 0.007339449
      value: 1
      inSlope: -23.201012
      outSlope: -23.201012
      tangentMode: 0
      weightedMode: 0
      inWeight: 0
      outWeight: 0.09057855
    - serializedVersion: 3
      time: 0.036594562
      value: 0.3951395
      inSlope: -5.332547
      outSlope: -5.332547
      tangentMode: 0
      weightedMode: 0
      inWeight: 0.33333334
      outWeight: 0.272101
    - serializedVersion: 3
      time: 0.08687512
      value: 0.12594172
      inSlope: -2.4738572
      outSlope: -2.4738572
      tangentMode: 0
      weightedMode: 0
      inWeight: 0.33333334
      outWeight: 0.85614336
    - serializedVersion: 3
      time: 0.13225895
      value: 0.025542628
      inSlope: -0.6289334
      outSlope: -0.6289334
      tangentMode: 0
      weightedMode: 0
      inWeight: 0.33333334
      outWeight: 0.33333334
    - serializedVersion: 3
      time: 0.26999998
      value: 0.0023309165
      inSlope: -0.0702956
      outSlope: -0.0702956
      tangentMode: 0
      weightedMode: 0
      inWeight: 0.33333334
      outWeight: 0.24118583
    - serializedVersion: 3
      time: 1
      value: 1
      inSlope: 1.9523934
      outSlope: 1.9523934
      tangentMode: 0
      weightedMode: 0
      inWeight: 0.07357659
      outWeight: 0
    m_PreInfinity: 2
    m_PostInfinity: 2
    m_RotationOrder: 4
  GraphTimeMultiplier: 15
  GraphIntensityMultiplier: 1
  TimeDelay: 0
--- !u!114 &86394429584657546
MonoBehaviour:
  m_ObjectHideFlags: 0
  m_CorrespondingSourceObject: {fileID: 0}
  m_PrefabInstance: {fileID: 0}
  m_PrefabAsset: {fileID: 0}
  m_GameObject: {fileID: 86394429584657551}
  m_Enabled: 1
  m_EditorHideFlags: 0
  m_Script: {fileID: 11500000, guid: ece88c1f58dc84b4da85e14370eb3148, type: 3}
  m_Name: 
  m_EditorClassIdentifier: 
  BloodSettings: {fileID: 7122315593002503641}
  parent: {fileID: 5386137223566249486}
  TimeHeightMax: 5.1
  TimeHeightMin: -0.1
  TimeScaleMax: {x: 2.5, y: 1, z: 1.2}
  TimeScaleMin: {x: 0.9, y: 1, z: 0.9}
  TimeOffsetMax: {x: 5, y: 0, z: 0}
  TimeOffsetMin: {x: 0, y: 0, z: 0}
  TimeByHeight:
    serializedVersion: 2
    m_Curve:
    - serializedVersion: 3
      time: 0.0013427734
      value: 0
      inSlope: 8.284324
      outSlope: 8.284324
      tangentMode: 0
      weightedMode: 0
      inWeight: 0
      outWeight: 0.62825733
    - serializedVersion: 3
      time: 0.05041657
      value: 0.26481384
      inSlope: 3.8874502
      outSlope: 3.8874502
      tangentMode: 0
      weightedMode: 0
      inWeight: 0.33333334
      outWeight: 0.16996166
    - serializedVersion: 3
      time: 0.3459992
      value: 1.0963068
      inSlope: 1.9260222
      outSlope: 1.9260222
      tangentMode: 0
      weightedMode: 0
      inWeight: 0.33333334
      outWeight: 0.11813979
    - serializedVersion: 3
      time: 1
      value: 2.0000005
      inSlope: 0.7071675
      outSlope: 0.7071675
      tangentMode: 0
      weightedMode: 0
      inWeight: 0.0658602
      outWeight: 0
    m_PreInfinity: 2
    m_PostInfinity: 2
    m_RotationOrder: 4
--- !u!1 &5185289105596867130
GameObject:
  m_ObjectHideFlags: 0
  m_CorrespondingSourceObject: {fileID: 0}
  m_PrefabInstance: {fileID: 0}
  m_PrefabAsset: {fileID: 0}
  serializedVersion: 6
  m_Component:
  - component: {fileID: 5386137223566249486}
  - component: {fileID: 7122315593002503641}
  m_Layer: 0
  m_Name: EnemyBlood
  m_TagString: Untagged
  m_Icon: {fileID: 0}
  m_NavMeshLayer: 0
  m_StaticEditorFlags: 0
  m_IsActive: 1
--- !u!4 &5386137223566249486
Transform:
  m_ObjectHideFlags: 0
  m_CorrespondingSourceObject: {fileID: 0}
  m_PrefabInstance: {fileID: 0}
  m_PrefabAsset: {fileID: 0}
  m_GameObject: {fileID: 5185289105596867130}
  m_LocalRotation: {x: 0, y: 0, z: 0, w: 1}
  m_LocalPosition: {x: 0, y: 0, z: 0}
  m_LocalScale: {x: 1, y: 1, z: 1}
  m_Children:
  - {fileID: 86394429584657544}
  - {fileID: 5373075972527724542}
  m_Father: {fileID: 0}
  m_RootOrder: 0
  m_LocalEulerAnglesHint: {x: 0, y: 0, z: 0}
--- !u!114 &7122315593002503641
MonoBehaviour:
  m_ObjectHideFlags: 0
  m_CorrespondingSourceObject: {fileID: 0}
  m_PrefabInstance: {fileID: 0}
  m_PrefabAsset: {fileID: 0}
  m_GameObject: {fileID: 5185289105596867130}
  m_Enabled: 1
  m_EditorHideFlags: 0
  m_Script: {fileID: 11500000, guid: 36b8a788ff17aab40b283e664f0304da, type: 3}
  m_Name: 
  m_EditorClassIdentifier: 
  AnimationSpeed: 1
  GroundHeight: 0
  LightIntensityMultiplier: 1
  FreezeDecalDisappearance: 1
  DecalRenderinMode: 0
  ClampDecalSideSurface: 0
--- !u!1 &5373075972527754206
GameObject:
  m_ObjectHideFlags: 0
  m_CorrespondingSourceObject: {fileID: 0}
  m_PrefabInstance: {fileID: 0}
  m_PrefabAsset: {fileID: 0}
  serializedVersion: 6
  m_Component:
  - component: {fileID: 5373075972527724542}
  - component: {fileID: 5373075972524857310}
  - component: {fileID: 5373075972525823262}
  - component: {fileID: 4957333321292792620}
  m_Layer: 0
  m_Name: Blood
  m_TagString: Untagged
  m_Icon: {fileID: 0}
  m_NavMeshLayer: 0
  m_StaticEditorFlags: 0
  m_IsActive: 1
--- !u!4 &5373075972527724542
Transform:
  m_ObjectHideFlags: 0
  m_CorrespondingSourceObject: {fileID: 0}
  m_PrefabInstance: {fileID: 0}
  m_PrefabAsset: {fileID: 0}
  m_GameObject: {fileID: 5373075972527754206}
  m_LocalRotation: {x: 0, y: 1, z: 0, w: 0}
  m_LocalPosition: {x: 0, y: 0, z: 0}
  m_LocalScale: {x: 0.03, y: 0.03, z: 0.03}
  m_Children: []
  m_Father: {fileID: 5386137223566249486}
  m_RootOrder: 1
  m_LocalEulerAnglesHint: {x: 0, y: 180, z: 0}
--- !u!33 &5373075972524857310
MeshFilter:
  m_ObjectHideFlags: 0
  m_CorrespondingSourceObject: {fileID: 0}
  m_PrefabInstance: {fileID: 0}
  m_PrefabAsset: {fileID: 0}
  m_GameObject: {fileID: 5373075972527754206}
  m_Mesh: {fileID: 4300000, guid: 4cf1280438cb9c54a8e467ab15c5b26d, type: 3}
--- !u!23 &5373075972525823262
MeshRenderer:
  m_ObjectHideFlags: 0
  m_CorrespondingSourceObject: {fileID: 0}
  m_PrefabInstance: {fileID: 0}
  m_PrefabAsset: {fileID: 0}
  m_GameObject: {fileID: 5373075972527754206}
  m_Enabled: 1
  m_CastShadows: 1
  m_ReceiveShadows: 1
  m_DynamicOccludee: 1
  m_MotionVectors: 1
  m_LightProbeUsage: 1
  m_ReflectionProbeUsage: 1
  m_RayTracingMode: 2
  m_RenderingLayerMask: 1
  m_RendererPriority: 0
  m_Materials:
  - {fileID: 2100000, guid: ff44c2cd474eff1429a2545393220ed9, type: 2}
  m_StaticBatchInfo:
    firstSubMesh: 0
    subMeshCount: 0
  m_StaticBatchRoot: {fileID: 0}
  m_ProbeAnchor: {fileID: 0}
  m_LightProbeVolumeOverride: {fileID: 0}
  m_ScaleInLightmap: 1
  m_ReceiveGI: 1
  m_PreserveUVs: 0
  m_IgnoreNormalsForChartDetection: 0
  m_ImportantGI: 0
  m_StitchLightmapSeams: 0
  m_SelectedEditorRenderState: 3
  m_MinimumChartSize: 4
  m_AutoUVMaxDistance: 0.5
  m_AutoUVMaxAngle: 89
  m_LightmapParameters: {fileID: 0}
  m_SortingLayerID: 0
  m_SortingLayer: 0
  m_SortingOrder: 0
--- !u!114 &4957333321292792620
MonoBehaviour:
  m_ObjectHideFlags: 0
  m_CorrespondingSourceObject: {fileID: 0}
  m_PrefabInstance: {fileID: 0}
  m_PrefabAsset: {fileID: 0}
  m_GameObject: {fileID: 5373075972527754206}
  m_Enabled: 1
  m_EditorHideFlags: 0
  m_Script: {fileID: 11500000, guid: 49633916cd5f89f4b9ce3e918ec8509e, type: 3}
  m_Name: 
  m_EditorClassIdentifier: 
  BloodSettings: {fileID: 7122315593002503641}
  AnimationSpeed:
    serializedVersion: 2
    m_Curve:
    - serializedVersion: 3
      time: 0
      value: 0
      inSlope: 0
      outSlope: 1
      tangentMode: 0
      weightedMode: 0
      inWeight: 0
      outWeight: 0
    - serializedVersion: 3
      time: 1
      value: 1
      inSlope: 1
      outSlope: 0
      tangentMode: 0
      weightedMode: 0
      inWeight: 0
      outWeight: 0
    m_PreInfinity: 2
    m_PostInfinity: 2
    m_RotationOrder: 4
  FramesCount: 80
  TimeLimit: 2.3
  OffsetFrames: 0
